<?xml version="1.0" encoding="UTF-8"?><collection xmlns="http://www.loc.gov/MARC21/slim"><record><leader>00449nam--2200169-u-4500</leader><controlfield tag="001">000053824</controlfield><controlfield tag="002">20161230</controlfield><controlfield tag="005">20161230201051</controlfield><controlfield tag="008">110624s1000------------r-----000-0-eng-d</controlfield><datafield ind1=" " ind2=" " tag="040"><subfield code="a">IFIN-HH</subfield></datafield><datafield ind1=" " ind2=" " tag="080"><subfield code="a">537.291:539.12...17(043)</subfield></datafield><datafield ind1="1" ind2=" " tag="100"><subfield code="a">Malmberg, Christina</subfield></datafield><datafield ind1="1" ind2="0" tag="245"><subfield code="a">On teh electronic spectrum of gaseous aif</subfield><subfield code="c">Christina malmberg</subfield></datafield><datafield ind1=" " ind2=" " tag="260"><subfield code="a">Stockholm</subfield><subfield code="c">1979</subfield></datafield><datafield ind1=" " ind2=" " tag="300"><subfield code="a">18P</subfield></datafield><datafield ind1=" " ind2=" " tag="852"><subfield code="a">48634</subfield><subfield code="c">537:538</subfield></datafield><datafield ind1=" " ind2=" " tag="CAT"><subfield code="a">Sys</subfield><subfield code="c">20110624</subfield><subfield code="h">101423</subfield></datafield></record></collection>